<?xml version="1.0" encoding="UTF-8"?>
<collection xmlns="http://www.loc.gov/MARC21/slim">
    <record>
        <leader>00000nz  a2200169   4500</leader>
        <controlfield tag="001">30078980</controlfield>
        <controlfield tag="003">RISM</controlfield>
        <controlfield tag="005">20160216</controlfield>
        <controlfield tag="008">160216n||az|||||||##########||||||||||||</controlfield>
        <datafield tag="040" ind1=" " ind2=" ">
            <subfield code="a">BR-BHemb</subfield>
        </datafield>
        <datafield tag="043" ind1=" " ind2=" ">
            <subfield code="c">BR</subfield>
        </datafield>
        <datafield tag="110" ind1="2" ind2=" ">
            <subfield code="a">Escola de Música da Universidade do Estado de Minas Gerais, Biblioteca</subfield>
            <subfield code="c">Belo Horizonte - MG</subfield>
            <subfield code="g">BR-BHemb</subfield>
        </datafield>
        <datafield tag="410" ind1="2" ind2=" ">
            <subfield code="a">Acervo Francisco Solano Aniceto</subfield>
        </datafield>
        <datafield tag="622" ind1=" " ind2=" ">
            <subfield code="e">Escola de Música da Universidade do,  Estado de Minas Gerais, Biblioteca, Rua Riachuelo, 1351, Belo Horizonte 30720-060, Brazil</subfield>
            <subfield code="u">http://www.uemg.br/biblioteca.php</subfield>
        </datafield>
    </record>