
    <record>
        <leader>00000nz  a2200169   4500</leader>
        <controlfield tag="001">30080683</controlfield>
        <controlfield tag="003">RISM</controlfield>
        <controlfield tag="005">20160216</controlfield>
        <controlfield tag="008">160216n||az|||||||##########||||||||||||</controlfield>
        <datafield tag="040" ind1=" " ind2=" ">
            <subfield code="a">BR-M</subfield>
        </datafield>
        <datafield tag="043" ind1=" " ind2=" ">
            <subfield code="c">XD-BR</subfield>
        </datafield>
        <datafield tag="110" ind1="2" ind2=" ">
            <subfield code="a">Museu da Música de Mariana</subfield>
            <subfield code="c">Mariana</subfield>
            <subfield code="g">BR-M</subfield>
        </datafield>
        <datafield tag="622" ind1=" " ind2=" ">
            <subfield code="e">Museu da Música de Mariana, Rua Cônego Amando 161, Mariana, MG 35420-000, Brazil</subfield>
            <subfield code="u">http://www.mmmariana.com.br/</subfield>
        </datafield>
    </record>