
    <record>
        <leader>00000nz  a2200169   4500</leader>
        <controlfield tag="001">30078979</controlfield>
        <controlfield tag="003">RISM</controlfield>
        <controlfield tag="005">20160216</controlfield>
        <controlfield tag="008">160216n||az|||||||##########||||||||||||</controlfield>
        <datafield tag="040" ind1=" " ind2=" ">
            <subfield code="a">BR-OPbec</subfield>
        </datafield>
        <datafield tag="043" ind1=" " ind2=" ">
            <subfield code="c">BR</subfield>
        </datafield>
        <datafield tag="110" ind1="2" ind2=" ">
            <subfield code="a">Banda Euterpe Cachoeirense - Acervo de Documentos Musicais</subfield>
            <subfield code="c">Ouro Preto - MG</subfield>
            <subfield code="g">BR-OPbec</subfield>
        </datafield>
        <datafield tag="580" ind1=" " ind2=" ">
            <subfield code="x">BR-OPmi</subfield>
            <subfield code="0">30076525</subfield>
        </datafield>
    </record>