
    <record>
        <leader>00000nz  a2200169   4500</leader>
        <controlfield tag="001">30076525</controlfield>
        <controlfield tag="003">RISM</controlfield>
        <controlfield tag="005">20160216</controlfield>
        <controlfield tag="008">160216n||az|||||||##########||||||||||||</controlfield>
        <datafield tag="040" ind1=" " ind2=" ">
            <subfield code="a">BR-OPmi</subfield>
        </datafield>
        <datafield tag="043" ind1=" " ind2=" ">
            <subfield code="c">XD-BR</subfield>
        </datafield>
        <datafield tag="110" ind1="2" ind2=" ">
            <subfield code="a">Museu da Incofidência, Biblioteca e Arquivo Histórico</subfield>
            <subfield code="c">Ouro Preto - MG</subfield>
            <subfield code="g">BR-OPmi</subfield>
        </datafield>
        <datafield tag="410" ind1="2" ind2=" ">
            <subfield code="a">Coleção Anália Esteves Ribas</subfield>
        </datafield>
        <datafield tag="410" ind1="2" ind2=" ">
            <subfield code="a">Coleção Família Gesteira</subfield>
        </datafield>
        <datafield tag="410" ind1="2" ind2=" ">
            <subfield code="a">Coleção Joaquim Nunes de Carvalho</subfield>
        </datafield>
        <datafield tag="410" ind1="2" ind2=" ">
            <subfield code="a">Coleção Cacilda Coeli Clímaco</subfield>
        </datafield>
        <datafield tag="410" ind1="2" ind2=" ">
            <subfield code="a">Coleção José Luiz Pompeu da Silva</subfield>
        </datafield>
        <datafield tag="410" ind1="2" ind2=" ">
            <subfield code="a">Coleção Arquivo Público Mineiro</subfield>
        </datafield>
        <datafield tag="410" ind1="2" ind2=" ">
            <subfield code="a">Coleção Francisco Curt Lange</subfield>
        </datafield>
        <datafield tag="622" ind1=" " ind2=" ">
            <subfield code="e">Museu da Incofidência, Biblioteca e,  Arquivo Histórico, Anexo III (Casa do Pilar), Rua do Pilar, 76, Ouro Preto - MG, Brazil</subfield>
            <subfield code="u">http://www.museudainconfidencia.gov.br/interno.php?pg=museu</subfield>
        </datafield>
    </record>