
    <record>
        <leader>00000nz  a2200169   4500</leader>
        <controlfield tag="001">30000462</controlfield>
        <controlfield tag="003">RISM</controlfield>
        <controlfield tag="005">20160216</controlfield>
        <controlfield tag="008">160216n||az|||||||##########||||||||||||</controlfield>
        <datafield tag="040" ind1=" " ind2=" ">
            <subfield code="a">BR-Rem</subfield>
        </datafield>
        <datafield tag="043" ind1=" " ind2=" ">
            <subfield code="c">XD-BR</subfield>
        </datafield>
        <datafield tag="110" ind1="2" ind2=" ">
            <subfield code="a">Escola Nacional de Música da Universidade do Brasil</subfield>
            <subfield code="c">Rio de Janeiro</subfield>
            <subfield code="g">BR-Rem</subfield>
        </datafield>
        <datafield tag="410" ind1="2" ind2=" ">
            <subfield code="a">Escola de Música, Universidade Federal do Rio de Janeiro</subfield>
        </datafield>
        <datafield tag="622" ind1=" " ind2=" ">
            <subfield code="e">Escola Nacional de Música da, Universidade do Brasil, Rio de Janeiro, Brasilien</subfield>
        </datafield>
    </record>