
    <record>
        <leader>00000nz  a2200169   4500</leader>
        <controlfield tag="001">30006177</controlfield>
        <controlfield tag="003">RISM</controlfield>
        <controlfield tag="005">20160216</controlfield>
        <controlfield tag="008">160216n||az|||||||##########||||||||||||</controlfield>
        <datafield tag="040" ind1=" " ind2=" ">
            <subfield code="a">BR-SPeca</subfield>
        </datafield>
        <datafield tag="110" ind1="2" ind2=" ">
            <subfield code="a">Laboratório de Musicologio do Departamento de Música da Escola de Comunicação e Artes da Universidade de São Paulo</subfield>
            <subfield code="c">São Paulo</subfield>
            <subfield code="g">BR-SPeca</subfield>
        </datafield>
    </record>