
    <record>
        <leader>00000nz  a2200169   4500</leader>
        <controlfield tag="001">30002605</controlfield>
        <controlfield tag="003">RISM</controlfield>
        <controlfield tag="005">20160216</controlfield>
        <controlfield tag="008">160216n||az|||||||##########||||||||||||</controlfield>
        <datafield tag="040" ind1=" " ind2=" ">
            <subfield code="a">BR-SPm</subfield>
        </datafield>
        <datafield tag="043" ind1=" " ind2=" ">
            <subfield code="c">XD-BR</subfield>
        </datafield>
        <datafield tag="110" ind1="2" ind2=" ">
            <subfield code="a">Biblioteca Pública Municipal</subfield>
            <subfield code="c">São Paulo</subfield>
            <subfield code="g">BR-SPm</subfield>
        </datafield>
        <datafield tag="622" ind1=" " ind2=" ">
            <subfield code="e">Biblioteca Pública Municipal, São Paulo, Brasilien</subfield>
        </datafield>
    </record>
</collection>


